%% The LaTeX package advanceddynamics - version 1.0 (2023/08/24)
%% advdyndoc.bib - Documentation Bibliography File
%%
%% -----------------------------------------------------------------------------
%% Copyright (c) 2023 Nolan Canegallo
%% -----------------------------------------------------------------------------
%%
%% This file may be distributed and/or modified
%%
%%     1.  under the LaTeX Project Public License Version 1.3c and/or
%%     2.  under the GNU Public License Version 3.
%%
%% See the LICENSE.txt for more details.

@manual{pack:tcolorbox,
    author    = {Dr. Thomas F. Sturm},
    title     = {The tcolorbox Package},
    url       = {https://mirrors.ctan.org/macros/latex/contrib/tcolorbox/tcolorbox.pdf},
    version   = {6.0.3},
    date      = {2023-03-17},
    note      = {(Latest 6.0.4 2023-06-19)},
    keywords  = {Documentation}
}

@manual{pack:xparse,
    author    = {The \LaTeX3 Project},
    title     = {The xparse Package},
    url       = {https://mirrors.ctan.org/macros/latex/contrib/l3packages/xparse.pdf},
    date      = {2023-02-02},
    keywords  = {Documentation}
}

@manual{pack:amsmath,
    author    = {The \LaTeX3 Project and American Mathematical Society},
    title     = {The amsmath Package},
    url       = {https://mirrors.ctan.org/macros/latex/required/amsmath/amsldoc.pdf},
    version   = {2.17o},
    date      = {2023-05-13},
    keywords  = {Package}
}

@manual{pack:amssymb,
    author    = {American Mathematical Society},
    title     = {The amssymb Package},
    url       = {https://mirror.las.iastate.edu/tex-archive/fonts/amsfonts/doc/amssymb.pdf},
    version   = {3.01},
    date      = {2013-01-14},
    keywords  = {Package}
}

@manual{pack:mathtools,
    author    = {Lars Madsen and The \LaTeX3 Project},
    title     = {The mathtools Package},
    url       = {https://mirrors.ctan.org/macros/latex/contrib/mathtools/mathtools.pdf},
    version   = {1.29},
    date      = {2022-06-29},
    keywords  = {Package}
}

@manual{pack:tensor,
    author    = {Philip G. Ratcliffe},
    title     = {The tensor Package},
    url       = {https://mirrors.ctan.org/macros/latex/contrib/tensor/tensor-doc.pdf},
    version   = {2.2},
    date      = {2023-07-18},
    keywords  = {Package}
}

@manual{pack:hyperref,
    author    = {The \LaTeX3 Project},
    title     = {The hyperref Package},
    url       = {https://mirrors.ctan.org/macros/latex/contrib/hyperref/doc/hyperref-doc.pdf},
    version   = {7.00x},
    date      = {2023-04-22},
    note      = {(Latest 7.01b 2023-07-08)},
    keywords  = {Documentation}
}

@manual{pack:enumitem,
    author    = {Javier Bezos},
    title     = {The enumitem Package},
    url       = {https://mirrors.ctan.org/macros/latex/contrib/enumitem/enumitem.pdf},
    version   = {3.9},
    date      = {2019-06-20},
    keywords  = {Documentation}
}

@manual{pack:geometry,
    author    = {Hideo Umeki and David Carlisle},
    title     = {The geometry Package},
    url       = {https://mirrors.ctan.org/macros/latex/contrib/geometry/geometry.pdf},
    version   = {5.9},
    date      = {2020-01-02},
    keywords  = {Documentation}
}

@manual{pack:lastpage,
    author    = {Hans-Martin MÃ¼nch},
    title     = {The lastpage Package},
    url       = {https://mirrors.ctan.org/macros/latex/contrib/lastpage/lastpage.pdf},
    version   = {2.0b},
    date      = {2023-07-24},
    note      = {(Latest 2.0c 2023-07-24)},
    keywords  = {Documentation}
}

@manual{pack:fancyhdr,
    author    = {Pieter van Oostrum},
    title     = {The fancyhdr Package},
    url       = {https://mirrors.ctan.org/macros/latex/contrib/fancyhdr/fancyhdr.pdf},
    version   = {4.1},
    date      = {2022-11-09},
    keywords  = {Documentation}
}

@manual{pack:datetime2,
    author    = {Nicola Talbot},
    title     = {The datetime2 Package},
    url       = {https://mirrors.ctan.org/macros/latex/contrib/datetime2/datetime2.pdf},
    version   = {1.5.7},
    date      = {2021-03-21},
    keywords  = {Documentation}
}

@manual{pack:parskip,
    author    = {Frank Mittelbach},
    title     = {The parskip Package},
    url       = {https://mirrors.ctan.org/macros/latex/contrib/parskip/parskip.pdf},
    version   = {2.0h},
    date      = {2021-03-14},
    keywords  = {Documentation}
}

@manual{pack:xcolor,
    author    = {The \LaTeX\ Project},
    title     = {The xcolor Package},
    url       = {https://mirrors.rit.edu/CTAN/macros/latex/contrib/xcolor/xcolor.pdf},
    version   = {2.14},
    date      = {2022-06-12},
    keywords  = {Documentation}
}

@manual{pack:imakeidx,
    author    = {Claudio Beccari and Enrico Gregorio},
    title     = {The imakeidx Package},
    url       = {https://mirrors.ctan.org/macros/latex/contrib/imakeidx/imakeidx.pdf},
    version   = {1.3e},
    date      = {2016-10-15},
    keywords  = {Documentation}
}

@manual{pack:biblatex,
    author    = {Philip Kime and Moritz Wemheuer},
    title     = {The biblatex Package},
    url       = {https://mirrors.ctan.org/macros/latex/contrib/biblatex/doc/biblatex.pdf},
    version   = {3.19},
    date      = {2023-03-05},
    keywords  = {Documentation}
}

@manual{pack:graphicx,
    author    = {David Carlisle and The \LaTeX3 Project},
    title     = {The graphicx Package},
    url       = {https://mirrors.ctan.org/macros/latex/required/graphics/grfguide.pdf},
    version   = {1.2d},
    date      = {2021-09-16},
    keywords  = {Package}
}

@manual{pack:accents,
    author    = {Javier Bezos},
    title     = {The accents Package},
    url       = {https://mirrors.ctan.org/macros/latex/contrib/accents/accents.pdf},
    version   = {1.4},
    date      = {2006-05-12},
    keywords  = {Package}
}

